%% This BibTeX bibliography file was created using BibDesk.
%% http://bibdesk.sourceforge.net/

%% Created for Onno at 2017-09-22 11:23:26 +0200 


%% Saved with string encoding Unicode (UTF-8) 



@unpublished{Trimborn2016,
	Author = {Trimborn, Simon and H{\"a}rdle, Wolfgang},
	Date-Added = {2017-09-22 09:04:37 +0000},
	Date-Modified = {2017-09-22 09:23:26 +0000},
	Note = {\textit{SFB 649 Discussion Paper 2016-021}},
	Title = {\uppercase{CRIX:} an Index for Blockchain Based Currencies},
	Year = {2016}}

@unpublished{adrian2016,
	Author = {Adrian, Tobias and Brunnermeier, Markus K},
	Note = {\textit{American Economic Review}, forthcoming.},
	Title = {{CoVaR}},
	Year = {2016}}

@unpublished{banulescu2016,
	Author = {Banulescu, D and Hurlin, Christophe and Leymarie, J and Scaillet, O},
	Note = {\textit{ESEM - Please do not cite.}},
	Title = {{Backtesting Marginal Expected Shortfall and Related Systemic Risk Measures}},
	Year = {2016}}

@unpublished{brownlees2016,
	Author = {Brownlees, Christian T and Engle, Robert F},
	Note = {\textit{Review of Financial Studies}, forthcoming.},
	Title = {{{SRISK}: A Conditional Capital Shortfall Measure of Systemic Risk}},
	Year = {2016}}

@unpublished{duan2015,
	Author = {Duan, J C and Zhang, C},
	Note = {{Technical Report}, University of Singapore},
	Title = {{Non-Gaussian Bridge Sampling With an Application}},
	Year = {2015}}

@article{girardi2013,
	Author = {Girardi, Giulio and {Tolga Erg{\"{u}}n}, A.},
	Journal = {Journal of Banking and Finance},
	Pages = {3169--3180},
	Title = {{Systemic Risk Measurement: Multivariate {GARCH} Estimation of {CoVaR}}},
	Volume = {37},
	Year = {2013}}

@article{gneiting2011,
	Author = {Gneiting, Tilmann and Ranjan, Roopesh},
	Journal = {Journal of Business \& Economic Statistics},
	Pages = {411--422},
	Publisher = {Taylor \& Francis},
	Title = {{Comparing Density Forecasts Using Threshold- and Quantile-Weighted Scoring Rules}},
	Volume = {29},
	Year = {2011}}

@article{mainik2014,
	Author = {Mainik, G and Shaanning, E},
	Journal = {Statistics \& Risk Modeling},
	Pages = {49--77},
	Title = {{On Dependence Consistency of {CoVaR} and Some Other Systemic Risk Measures}},
	Volume = {31},
	Year = {2014}}

@article{Patton2006,
	Author = {Patton, Andrew J.},
	Journal = {International Economic Review},
	Pages = {527--556},
	Title = {{Modelling Asymmetric Exchange Rate Dependence}},
	Volume = {47},
	Year = {2006}}

@techreport{benoit2013,
	Author = {Benoit, Sylvain and Colletaz, Gilbert and Hurlin, Christophe and P{\'e}rignon, Christophe},
	Institution = {HAL},
	Title = {A Theoretical and Empirical Comparison of Systemic Risk Measures},
	Type = {Working Papers},
	Year = {2013}}

@techreport{acharya2010,
	Author = {Acharya, Viral and Pedersen, Lasse and Philippon, Thomas and Richardson, Matthew},
	Institution = {Federal Reserve Bank of Cleveland},
	Number = {1002},
	Title = {Measuring systemic risk},
	Type = {Working Paper},
	Year = {2010}}
